<?xml version="1.0" encoding="UTF-8"?><collection xmlns="http://www.loc.gov/MARC21/slim"><record><leader>00341nam--2200133-i-4500</leader><controlfield tag="001">000019240</controlfield><controlfield tag="002">20161230</controlfield><controlfield tag="005">20161230201033</controlfield><controlfield tag="008">060222s1000------------r-----000-0-eng-d</controlfield><datafield ind1=" " ind2=" " tag="080"><subfield code="a">5:9</subfield></datafield><datafield ind1=" " ind2=" " tag="100"><subfield code="a">Fochler-hauke, Gustave</subfield></datafield><datafield ind1=" " ind2=" " tag="245"><subfield code="a">Der fischer weltalmanach 1971</subfield></datafield><datafield ind1=" " ind2=" " tag="260"><subfield code="a">Frankfurt Am Main, Fischer Bucherei, 1970. 414 P</subfield></datafield><datafield ind1=" " ind2=" " tag="852"><subfield code="a">34584</subfield></datafield></record></collection>